
@article{Foucault2015,
author = {Foucault, Matthieu and Teyton, C{\'{e}}dric and Lo, David and Blanc, Xavier and Falleri, Jean-r{\'{e}}my},
doi = {10.1016/j.infsof.2015.01.013},
file = {:home/tiago/Documents/Projeto Wiese/Ownership e Authorship/ist-ownership.pdf:pdf},
issn = {0950-5849},
journal = {Information and Software Technology},
keywords = {software engineering},
pages = {102--112},
publisher = {Elsevier B.V.},
title = {{On the usefulness of ownership metrics in open-source software projects}},
url = {http://dx.doi.org/10.1016/j.infsof.2015.01.013},
volume = {64},
year = {2015}
}